@article{lin2017generic,
  title={A generic quasi-{N}ewton algorithm for faster gradient-based optimization},
  author={Lin, Hongzhou and Mairal, Julien and Harchaoui, Zaid},
  year={2017}
}

@article{jamshidian1997acceleration,
  title={Acceleration of the {EM} algorithm by using quasi-{N}ewton methods},
  author={Jamshidian, Mortaza and Jennrich, Robert I},
  journal={Journal of the Royal Statistical Society: Series B (Statistical Methodology)},
  volume={59},
  number={3},
  pages={569--587},
  year={1997},
  publisher={Wiley Online Library}
}

@article{varadhan2008simple,
  title={Simple and globally convergent methods for accelerating the convergence of any {EM} algorithm},
  author={Varadhan, Ravi and Roland, Christophe},
  journal={Scandinavian Journal of Statistics},
  volume={35},
  number={2},
  pages={335--353},
  year={2008},
  publisher={Wiley Online Library}
}

@article{varadhan2004squared,
  title={Squared extrapolation methods ({SQUAREM}): A new class of simple and efficient numerical schemes for accelerating the convergence of the {EM} algorithm},
  author={Varadhan, Ravi and Roland, Ch},
  year={2004},
  publisher={bepress}
}

@article{jamshidian1993conjugate,
  title={Conjugate gradient acceleration of the {EM} algorithm},
  author={Jamshidian, Mortaza and Jennrich, Robert I},
  journal={Journal of the American Statistical Association},
  volume={88},
  number={421},
  pages={221--228},
  year={1993},
  publisher={Taylor \& Francis}
}

@article{roland2005new,
  title={New iterative schemes for nonlinear fixed point problems, with applications to problems with bifurcations and incomplete-data problems},
  author={Roland, Ch and Varadhan, Ravi},
  journal={Applied numerical mathematics},
  volume={55},
  number={2},
  pages={215--226},
  year={2005},
  publisher={Elsevier}
}

@article{dempster1977maximum,
  title={Maximum likelihood from incomplete data via the {EM} algorithm},
  author={Dempster, Arthur P and Laird, Nan M and Rubin, Donald B},
  journal={Journal of the Royal Statistical Society: Series B (Methodological)},
  volume={39},
  number={1},
  pages={1--22},
  year={1977},
  publisher={Wiley Online Library}
}

@article{lindstrom1988newton,
  title={{N}ewton—{R}aphson and {EM} algorithms for linear mixed-effects models for repeated-measures data},
  author={Lindstrom, Mary J and Bates, Douglas M},
  journal={Journal of the American Statistical Association},
  volume={83},
  number={404},
  pages={1014--1022},
  year={1988},
  publisher={Taylor \& Francis}
}

@article{redner1984mixture,
  title={Mixture densities, maximum likelihood and the {EM} algorithm},
  author={Redner, Richard A and Walker, Homer F},
  journal={SIAM review},
  volume={26},
  number={2},
  pages={195--239},
  year={1984},
  publisher={SIAM}
}

@article{boyles1983convergence,
  title={On the convergence of the {EM} algorithm},
  author={Boyles, Russell A},
  journal={Journal of the Royal Statistical Society: Series B (Methodological)},
  volume={45},
  number={1},
  pages={47--50},
  year={1983},
  publisher={Wiley Online Library}
}

@article{wu1983convergence,
  title={On the convergence properties of the {EM} algorithm},
  author={Wu, CF Jeff},
  journal={The Annals of Statistics},
  pages={95--103},
  year={1983},
  publisher={JSTOR}
}
@article{meng1994global,
  title={On the global and componentwise rates of convergence of the {EM} algorithm},
  author={Meng, Xiao-Li and Rubin, Donald B},
  journal={Linear Algebra and its Applications},
  volume={199},
  pages={413--425},
  year={1994},
  publisher={Elsevier}
}
@article{lange1995quasi,
  title={A quasi-{N}ewton acceleration of the {EM} algorithm},
  author={Lange, Kenneth},
  journal={Statistica Sinica},
  pages={1--18},
  year={1995},
  publisher={JSTOR}
}

@book{ortega2000iterative,
  title={Iterative solution of nonlinear equations in several variables},
  author={Ortega, James M and Rheinboldt, Werner C},
  year={2000},
  publisher={SIAM}
}

@article{liu1989limited,
  title={On the limited memory {BFGS} method for large scale optimization},
  author={Liu, Dong C and Nocedal, Jorge},
  journal={Mathematical Programming},
  volume={45},
  number={1},
  pages={503--528},
  year={1989},
  publisher={Springer}
}

@article{meng1993maximum,
  title={Maximum likelihood estimation via the {ECM} algorithm: A general framework},
  author={Meng, Xiao-Li and Rubin, Donald B},
  journal={Biometrika},
  volume={80},
  number={2},
  pages={267--278},
  year={1993},
  publisher={Oxford University Press}
}

@article{liu1994ecme,
  title={The {ECME} algorithm: a simple extension of {EM} and {ECM} with faster monotone convergence},
  author={Liu, Chuanhai and Rubin, Donald B},
  journal={Biometrika},
  volume={81},
  number={4},
  pages={633--648},
  year={1994},
  publisher={Oxford University Press}
}

@article{liu1998parameter,
  title={Parameter expansion to accelerate {EM}: the {PX-EM} algorithm},
  author={Liu, Chuanhai and Rubin, Donald B and Wu, Ying Nian},
  journal={Biometrika},
  volume={85},
  number={4},
  pages={755--770},
  year={1998},
  publisher={Oxford University Press}
}



@article{laird1978nonparametric,
  title={Nonparametric maximum likelihood estimation of a mixing distribution},
  author={Laird, Nan},
  journal={Journal of the American Statistical Association},
  volume={73},
  number={364},
  pages={805--811},
  year={1978},
  publisher={Taylor \& Francis Group}
}

@article{laird1987maximum,
  title={Maximum likelihood computations with repeated measures: application of the {EM} algorithm},
  author={Laird, Nan and Lange, Nicholas and Stram, Daniel},
  journal={Journal of the American Statistical Association},
  volume={82},
  number={397},
  pages={97--105},
  year={1987},
  publisher={Taylor \& Francis}
}

@article{louis1982finding,
  title={Finding the observed information matrix when using the {EM} algorithm},
  author={Louis, Thomas A},
  journal={Journal of the Royal Statistical Society: Series B (Methodological)},
  volume={44},
  number={2},
  pages={226--233},
  year={1982},
  publisher={Wiley Online Library}
}

@article{meilijson1989fast,
  title={A fast improvement to the {EM} algorithm on its own terms},
  author={Meilijson, Isaac},
  journal={Journal of the Royal Statistical Society: Series B (Methodological)},
  volume={51},
  number={1},
  pages={127--138},
  year={1989},
  publisher={Wiley Online Library}
}

@article{zhou2011quasi,
  title={A quasi-{N}ewton acceleration for high-dimensional optimization algorithms},
  author={Zhou, Hua and Alexander, David and Lange, Kenneth},
  journal={Statistics and computing},
  volume={21},
  number={2},
  pages={261--273},
  year={2011},
  publisher={Springer}
}

@article{broyden1965class,
  title={A class of methods for solving nonlinear simultaneous equations},
  author={Broyden, Charles G},
  journal={Mathematics of Computation},
  volume={19},
  number={92},
  pages={577--593},
  year={1965},
  publisher={JSTOR}
}

@article{meng1997algorithm,
  title={The {EM} algorithm—--an old folk-song sung to a fast new tune},
  author={Meng, Xiao-Li and Van Dyk, David},
  journal={Journal of the Royal Statistical Society: Series B (Statistical Methodology)},
  volume={59},
  number={3},
  pages={511--567},
  year={1997},
  publisher={Wiley Online Library}
}



@article{shanno1978conjugate,
  title={Conjugate gradient methods with inexact searches},
  author={Shanno, David F},
  journal={Mathematics of Operations Research},
  volume={3},
  number={3},
  pages={244--256},
  year={1978},
  publisher={INFORMS}
}

@article{nocedal1980updating,
  title={Updating quasi-{N}ewton matrices with limited storage},
  author={Nocedal, Jorge},
  journal={Mathematics of Computation},
  volume={35},
  number={151},
  pages={773--782},
  year={1980}
}

@article{buckley1983qn,
  title={{QN}-like variable storage conjugate gradients},
  author={Buckley, A and LeNir, A},
  journal={Mathematical programming},
  volume={27},
  number={2},
  pages={155--175},
  year={1983},
  publisher={Springer}
}

@article{gill2003limited,
  title={Limited-memory reduced-{H}essian methods for large-scale unconstrained optimization},
  author={Gill, Philip E and Leonard, Michael W},
  journal={SIAM Journal on Optimization},
  volume={14},
  number={2},
  pages={380--401},
  year={2003},
  publisher={SIAM}
}

@article{nazareth1979relationship,
  title={A relationship between the {BFGS} and conjugate gradient algorithms and its implications for new algorithms},
  author={Nazareth, Larry},
  journal={SIAM Journal on Numerical Analysis},
  volume={16},
  number={5},
  pages={794--800},
  year={1979},
  publisher={SIAM}
}

@article{griewank1982partitioned,
  title={Partitioned variable metric updates for large structured optimization problems},
  author={Griewank, Andreas and Toint, Ph L},
  journal={Numerische Mathematik},
  volume={39},
  number={1},
  pages={119--137},
  year={1982},
  publisher={Springer}
}

@book{nocedal2006numerical,
  title={Numerical optimization},
  author={Nocedal, Jorge and Wright, Stephen},
  year={2006},
  publisher={Springer Science \& Business Media}
}

@article{zou2008one,
  title={One-step sparse estimates in nonconcave penalized likelihood models},
  author={Zou, Hui and Li, Runze},
  journal={Annals of statistics},
  volume={36},
  number={4},
  pages={1509},
  year={2008},
  publisher={NIH Public Access}
}

@inproceedings{lee2001algorithms,
  title={Algorithms for non-negative matrix factorization},
  author={Lee, Daniel D and Seung, H Sebastian},
  booktitle={Advances in neural information processing systems},
  pages={556--562},
  year={2001}
}

@article{lee1999learning,
  title={Learning the parts of objects by non-negative matrix factorization},
  author={Lee, Daniel D and Seung, H Sebastian},
  journal={Nature},
  volume={401},
  number={6755},
  pages={788--791},
  year={1999},
  publisher={Nature Publishing Group}
}

@book{lange2016mm,
  title={{MM} optimization algorithms},
  author={Lange, Kenneth},
  year={2016},
  publisher={SIAM}
}

@article{lidwell1951observations,
  title={Observations on the incidence and distribution of the common cold in a rural community during 1948 and 1949},
  author={Lidwell, OM and Sommerville, T},
  journal={Epidemiology \& Infection},
  volume={49},
  number={4},
  pages={365--381},
  year={1951},
  publisher={Cambridge University Press}
}

@article{broyden1973local,
  title={On the local and superlinear convergence of quasi-{N}ewton methods},
  author={Broyden, Charles George and Dennis Jr, JE and Mor{\'e}, Jorge J},
  journal={IMA Journal of Applied Mathematics},
  volume={12},
  number={3},
  pages={223--245},
  year={1973},
  publisher={Oxford University Press}
}


@article{pearson1969variable,
  title={Variable metric methods of minimisation},
  author={Pearson, John D},
  journal={The Computer Journal},
  volume={12},
  number={2},
  pages={171--178},
  year={1969},
  publisher={Oxford University Press}
}

@article{lange1995gradient,
  title={A gradient algorithm locally equivalent to the {EM} algorithm},
  author={Lange, Kenneth},
  journal={Journal of the Royal Statistical Society: Series B (Methodological)},
  volume={57},
  number={2},
  pages={425--437},
  year={1995},
  publisher={Wiley Online Library}
}

@article{hestenes1951solutions,
  title={Solutions of {A}$x$=$\lambda${B}$x$},
  author={Hestenes, MR and Karush, W},
  journal={J. Res. Nat. Bur. Standards},
  volume={47},
  pages={471--478},
  year={1951}
}

@article{schubert1970modification,
  title={Modification of a quasi-{N}ewton method for nonlinear equations with a sparse {J}acobian},
  author={Schubert, LK},
  journal={Mathematics of Computation},
  volume={24},
  number={109},
  pages={27--30},
  year={1970}
}

@article{klement2014using,
  title={On using quasi-{N}ewton algorithms of the {B}royden class for model-to-test correlation},
  author={Klement, Jan},
  journal={Journal of Aerospace Technology and Management},
  volume={6},
  number={4},
  pages={407--414},
  year={2014},
  publisher={SciELO Brasil}
}

@article{lange2000optimization,
  title={Optimization transfer using surrogate objective functions},
  author={Lange, Kenneth and Hunter, David R and Yang, Ilsoon},
  journal={Journal of Computational and Graphical Statistics},
  volume={9},
  number={1},
  pages={1--20},
  year={2000},
  publisher={Taylor \& Francis}
}

@article{heiser1995convergent,
  title={Convergent computation by iterative majorization: Theory and applications in multidimensional data analysis},
  author={Heiser, Willem J},
  journal={Recent Advances in Descriptive Multivariate Analysis},
  pages={157--189},
  year={1995}
}

@article{lange1989robust,
  title={Robust statistical modeling using the t distribution},
  author={Lange, Kenneth L and Little, Roderick JA and Taylor, Jeremy MG},
  journal={Journal of the American Statistical Association},
  volume={84},
  number={408},
  pages={881--896},
  year={1989},
  publisher={Taylor \& Francis Group}
}

@article{catalyst,
  author  = {Hongzhou Lin and Julien Mairal and Zaid Harchaoui},
  title   = {Catalyst Acceleration for First-order Convex Optimization: from Theory to Practice},
  journal = {Journal of Machine Learning Research},
  year    = {2018},
  volume  = {18},
  number  = {212},
  pages   = {1-54},
  url     = {http://jmlr.org/papers/v18/17-748.html}
}
@book{fletcher2013practical,
  title={Practical Methods of Optimization},
  author={Fletcher, Roger},
  year={2013},
  publisher={John Wiley \& Sons}
}

@inproceedings{nesterov1983method,
  title={A method for solving the convex programming problem with convergence rate $O(1/k^2)$},
  author={Nesterov, Yurii E},
  booktitle={Dokl. akad. nauk Sssr},
  volume={269},
  pages={543--547},
  year={1983}
}

@article{allen2017katyusha,
  title={Katyusha: The first direct acceleration of stochastic gradient methods},
  author={Allen-Zhu, Zeyuan},
  journal={The Journal of Machine Learning Research},
  volume={18},
  number={1},
  pages={8194--8244},
  year={2017},
  publisher={JMLR. org}
}

@article{schmidt2017minimizing,
  title={Minimizing finite sums with the stochastic average gradient},
  author={Schmidt, Mark and Le Roux, Nicolas and Bach, Francis},
  journal={Mathematical Programming},
  volume={162},
  number={1-2},
  pages={83--112},
  year={2017},
  publisher={Springer}
}


@inproceedings{defazio2014saga,
  title={{SAGA}: a fast incremental gradient method with support for non-strongly convex composite objectives},
  author={Defazio, Aaron and Bach, Francis and Lacoste-Julien, Simon},
  booktitle={Proceedings of the 27th International Conference on Neural Information Processing Systems-Volume 1},
  pages={1646--1654},
  year={2014}
}


@article{shalev2013stochastic,
  title={Stochastic Dual Coordinate Ascent Methods for Regularized Loss Minimization.},
  author={Shalev-Shwartz, Shai and Zhang, Tong},
  journal={Journal of Machine Learning Research},
  volume={14},
  number={2},
  year={2013}
}

@article{johnson2013accelerating,
  title={Accelerating stochastic gradient descent using predictive variance reduction},
  author={Johnson, Rie and Zhang, Tong},
  journal={Advances in neural information processing systems},
  volume={26},
  pages={315--323},
  year={2013},
  publisher={Citeseer}
}

@inproceedings{shalev2014accelerated,
  title={Accelerated proximal stochastic dual coordinate ascent for regularized loss minimization},
  author={Shalev-Shwartz, Shai and Zhang, Tong},
  booktitle={International conference on machine learning},
  pages={64--72},
  year={2014},
  organization={PMLR}
}

@article{lange2008mm,
  title={An {MM} algorithm for multicategory vertex discriminant analysis},
  author={Lange, Kenneth and Wu, Tong},
  journal={Journal of Computational and Graphical Statistics},
  volume={17},
  number={3},
  pages={527--544},
  year={2008},
  publisher={Taylor \& Francis}
}

@article{hunter2000quantile,
  title={Quantile regression via an MM algorithm},
  author={Hunter, David R and Lange, Kenneth},
  journal={Journal of Computational and Graphical Statistics},
  volume={9},
  number={1},
  pages={60--77},
  year={2000},
  publisher={Taylor \& Francis}
}

@article{zhou2015novel,
  title={A novel virtual machine deployment algorithm with energy efficiency in cloud computing},
  author={Zhou, Zhou and Hu, Zhi-gang and Song, Tie and Yu, Jun-yang},
  journal={Journal of Central South University},
  volume={22},
  number={3},
  pages={974--983},
  year={2015},
  publisher={Springer}
}

@book{luenberger1984linear,
  title={Linear and Nonlinear Programming},
  author={Luenberger, David G and Ye, Yinyu and others},
  volume={2},
  year={1984},
  publisher={Springer}
}

@book{dennis1996numerical,
  title={Numerical methods for unconstrained optimization and nonlinear equations},
  author={Dennis Jr, John E and Schnabel, Robert B},
  year={1996},
  publisher={SIAM}
}

@inproceedings{xu2019power,
  title={Power k-means clustering},
  author={Xu, Jason and Lange, Kenneth},
  booktitle={International Conference on Machine Learning},
  pages={6921--6931},
  year={2019},
  organization={PMLR}
}